<record><leader>00000cas a2200000Ma 4500</leader><controlfield tag="001">10747356</controlfield><controlfield tag="008">840518d185618uumauwr ne      0    0eng d</controlfield><datafield ind1=" " ind2=" " tag="010"><subfield code="a">sn 84023123 </subfield></datafield><datafield ind1=" " ind2=" " tag="040"><subfield code="a">AQM</subfield><subfield code="b">eng</subfield><subfield code="c">AQM</subfield><subfield code="d">OCLCQ</subfield></datafield><datafield ind1="0" ind2=" " tag="130"><subfield code="a">Campaign times (Boston, Mass.)</subfield></datafield><datafield ind1="1" ind2="0" tag="245"><subfield code="a">Campaign times.</subfield></datafield><datafield ind1=" " ind2=" " tag="260"><subfield code="a">Boston [Mass.] :</subfield><subfield code="b">John A. French,</subfield><subfield code="c">1856-</subfield></datafield><datafield ind1=" " ind2=" " tag="300"><subfield code="a">v.</subfield></datafield><datafield ind1=" " ind2=" " tag="310"><subfield code="a">Weekly</subfield></datafield><datafield ind1="0" ind2=" " tag="362"><subfield code="a">Vol. 1, no. 1 (June 28, 1856)-</subfield></datafield><datafield ind1=" " ind2=" " tag="500"><subfield code="a">Campaign paper of the Democratic Party.</subfield></datafield><datafield ind1=" " ind2="7" tag="655"><subfield code="a">Campaign newspapers.</subfield><subfield code="2">ngl</subfield></datafield><datafield ind1=" " ind2=" " tag="752"><subfield code="a">United States</subfield><subfield code="b">Massachusetts</subfield><subfield code="c">Suffolk</subfield><subfield code="d">Boston.</subfield></datafield><datafield ind1="0" ind2=" " tag="775"><subfield code="t">Boston daily times (Boston, Mass. : 1855)</subfield><subfield code="w">(DLC)sn 83021559</subfield></datafield></record>